<record><leader>00000cas a2200000 a 4500</leader><controlfield tag="001">9291695</controlfield><controlfield tag="008">830308d18361848inuwr ne      0    0eng  </controlfield><datafield ind1=" " ind2=" " tag="010"><subfield code="a">sn 82016329 </subfield></datafield><datafield ind1=" " ind2=" " tag="040"><subfield code="a">DLC</subfield><subfield code="b">eng</subfield><subfield code="c">DLC</subfield><subfield code="d">NPX</subfield><subfield code="d">NPI</subfield><subfield code="d">DLC</subfield><subfield code="d">OCLCQ</subfield><subfield code="d">DLC</subfield><subfield code="d">OCLCQ</subfield><subfield code="d">OCLCO</subfield><subfield code="d">OCLCF</subfield></datafield><datafield ind1=" " ind2=" " tag="042"><subfield code="a">pcc</subfield></datafield><datafield ind1=" " ind2=" " tag="043"><subfield code="a">n-us-in</subfield></datafield><datafield ind1="0" ind2="0" tag="050"><subfield code="a">Newspaper</subfield></datafield><datafield ind1="0" ind2=" " tag="130"><subfield code="a">Republican banner (Madison, Ind.)</subfield></datafield><datafield ind1="1" ind2="4" tag="245"><subfield code="a">The Republican banner.</subfield></datafield><datafield ind1="1" ind2="3" tag="246"><subfield code="a">Banner</subfield></datafield><datafield ind1=" " ind2=" " tag="260"><subfield code="a">Madison, Ind. :</subfield><subfield code="b">D.D. Jones,</subfield><subfield code="c">1836-</subfield></datafield><datafield ind1=" " ind2=" " tag="300"><subfield code="a">v. :</subfield><subfield code="b">ill. (chiefly advertisements) ;</subfield><subfield code="c">53-61 cm.</subfield></datafield><datafield ind1=" " ind2=" " tag="310"><subfield code="a">Weekly</subfield></datafield><datafield ind1="0" ind2=" " tag="362"><subfield code="a">New ser., vol. 1, no. 6 (Apr. 28, 1836) = vol. 19, no. 989-</subfield></datafield><datafield ind1="1" ind2=" " tag="362"><subfield code="a">Ceased in 1848.</subfield></datafield><datafield ind1=" " ind2=" " tag="500"><subfield code="a">"Whig."</subfield></datafield><datafield ind1=" " ind2=" " tag="515"><subfield code="a">Issues carry both New series numbering and the original numbering begun by the "Indiana Republican."</subfield></datafield><datafield ind1=" " ind2=" " tag="530"><subfield code="a">Also issued on microfilm from the Library of Congress Photoduplication Service.</subfield></datafield><datafield ind1=" " ind2="0" tag="651"><subfield code="a">Madison (Ind.)</subfield><subfield code="v">Newspapers.</subfield></datafield><datafield ind1=" " ind2="7" tag="655"><subfield code="a">Newspapers.</subfield><subfield code="2">fast</subfield><subfield code="0">(OCoLC)fst01423814</subfield></datafield><datafield ind1=" " ind2="7" tag="651"><subfield code="a">Indiana</subfield><subfield code="z">Madison.</subfield><subfield code="2">fast</subfield><subfield code="0">(OCoLC)fst01237191</subfield></datafield><datafield ind1=" " ind2=" " tag="752"><subfield code="a">United States</subfield><subfield code="b">Indiana</subfield><subfield code="c">Jefferson</subfield><subfield code="d">Madison.</subfield></datafield><datafield ind1="0" ind2="0" tag="780"><subfield code="t">Republican&amp;banner</subfield><subfield code="w">(DLC)sn 82016330</subfield></datafield><datafield ind1="0" ind2="0" tag="785"><subfield code="t">Weekly Republican banner</subfield><subfield code="w">(DLC)sn 85048044</subfield></datafield></record>